@article{korolev2011book,
  title={Вероятностно-статистические методы декомпозиции волатильности хаотических процессов. Учебное пособие},
  author={Королев, ВЮ},
  year={2011},
  publisher={Московский государственный университет имени МВ Ломоносова}
}
@inproceedings{skvortsova2006estimation,
  title={Estimation of dynamic and diffusive components in edge turbulent particle fluxes in the L-2M stellarator and the FT-2 tokamak},
  author={Skvortsova, NN and Batanov, GM and Malakhov, DV and Petrov, AE and Saenko, VV and Sarksyan, KA and Kharchev, NK and Kholnov, Yu V and Korolev, V Yu and Zhukov, Yu V and others},
  booktitle={21st IAEA Fusion Energy Conference},
  year={2006}
}
@article{gorshenin2020stat,
  title={Статистическое оценивание распределений случайных коэффициентов стохастического дифференциального уравнения Ланжевена},
  author={Горшенин, Андрей Константинович and Королев, Виктор Юрьевич and Щербинина, Анастасия Андреевна},
  journal={Информатика и её применения},
  volume={14},
  number={3},
  pages={3--12},
  year={2020},
  publisher={Российская академия наук, Отделение нанотехнологий и информационных технологий}
}	
@article{marquez2020optimal,
  title={Optimal extraction of EMG signal envelope and artifacts removal assuming colored measurement noise},
  author={M{\'a}rquez-Figueroa, Sandra and Shmaliy, Yuriy S and Ibarra-Manzano, Oscar},
  journal={Biomedical Signal Processing and Control},
  volume={57},
  pages={101679},
  year={2020},
  publisher={Elsevier}
}
@article{almgren2020effect,
  title={The effect of global signal regression on DCM estimates of noise and effective connectivity from resting state fMRI},
  author={Almgren, Hannes and Van de Steen, Frederik and Razi, Adeel and Friston, Karl and Marinazzo, Daniele},
  journal={NeuroImage},
  volume={208},
  pages={116435},
  year={2020},
  publisher={Elsevier}
}
@article{asadi2018signal,
  title={Signal enumeration in Gaussian and non-Gaussian noise using entropy estimation of eigenvalues},
  author={Asadi, Hamid and Seyfe, Babak},
  journal={Digital Signal Processing},
  volume={78},
  pages={163--174},
  year={2018},
  publisher={Elsevier}
}
@article{ilter2019joint,
  title={The Joint Impact of Fading Severity, Irregular Constellation, and Non-Gaussian Noise on Signal Space Diversity-Based Relaying Networks},
  author={Ilter, Mehmet Cagri and Sokun, Hamza Umit and Yanikomeroglu, Halim and Wichman, Risto and H{\"a}m{\"a}l{\"a}inen, Jyri},
  journal={IEEE Access},
  volume={7},
  pages={116162--116171},
  year={2019},
  publisher={IEEE}
}
@article{guo2020enhanced,
  title={An enhanced modulation signal bispectrum analysis for bearing fault detection based on non-Gaussian noise suppression},
  author={Guo, Junchao and Zhang, Hao and Zhen, Dong and Shi, Zhanqun and Gu, Fengshou and Ball, Andrew D},
  journal={Measurement},
  volume={151},
  pages={107240},
  year={2020},
  publisher={Elsevier}
}
@article{li2019noise,
  title={Noise estimation for image sensor based on local entropy and median absolute deviation},
  author={Li, Yongsong and Li, Zhengzhou and Wei, Kai and Xiong, Weiqi and Yu, Jiangpeng and Qi, Bo},
  journal={Sensors},
  volume={19},
  number={2},
  pages={339},
  year={2019},
  publisher={Multidisciplinary Digital Publishing Institute}
}
@article{gorshenin2018data,
  title={Data noising by finite normal and gamma mixtures with application to the problem of rounded observations},
  author={Gorshenin, Andrey Konstantinovich},
  journal={Informatika i Ee Primeneniya [Informatics and its Applications]},
  volume={12},
  number={3},
  pages={28--34},
  year={2018},
  publisher={Russian Academy of Sciences, Branch of Informatics, Computer Equipment and~…}
}
@article{gorshenin2019adaptive,
  title={Adaptive Detection of Normal Mixture Signals with Pre-Estimated Gaussian Mixture Noise},
  author={Gorshenin, AK},
  journal={Pattern Recognition and Image Analysis},
  volume={29},
  number={3},
  pages={377--383},
  year={2019},
  publisher={Springer}
}
@article{korolev2011probabilistic,
  title={Probabilistic and statistical methods of decomposition of volatility of chaotic processes},
  author={Korolev, V Yu},
  journal={Izd. Mosk. Gos. Univ., Moscow},
  year={2011}
}
@article{gorshenin2020efficiency,
  title={Efficiency of the Method for Detecting Normal Mixture Signals with Pre-Estimated Gaussian Mixture Noise},
  author={Gorshenin, AK and Shcherbinina, AA},
  journal={Pattern Recognition and Image Analysis},
  volume={30},
  number={3},
  pages={470--479},
  year={2020},
  publisher={Springer}
}
@article{belyaev2018optimal,
  title={An optimal data assimilation method and its application to the numerical simulation of the ocean dynamics},
  author={Belyaev, Konstantin and Kuleshov, Andrey and Tuchkova, Natalia and Tanajura, Clemente AS},
  journal={Mathematical and Computer Modelling of Dynamical Systems},
  volume={24},
  number={1},
  pages={12--25},
  year={2018},
  publisher={Taylor \& Francis}
}
@article{leland1985option,
  title={Option pricing and replication with transactions costs},
  author={Leland, Hayne E},
  journal={The journal of finance},
  volume={40},
  number={5},
  pages={1283--1301},
  year={1985},
  publisher={Wiley Online Library}
}
@article{barles1998option,
  title={Option pricing with transaction costs and a nonlinear Black-Scholes equation},
  author={Barles, Guy and Soner, Halil Mete},
  journal={Finance and Stochastics},
  volume={2},
  number={4},
  pages={369--397},
  year={1998},
  publisher={Springer}
}
@article{heston1993closed,
  title={A closed-form solution for options with stochastic volatility with applications to bond and currency options},
  author={Heston, Steven L},
  journal={The review of financial studies},
  volume={6},
  number={2},
  pages={327--343},
  year={1993},
  publisher={Oxford University Press}
}
@incollection{cox2005theory,
  title={A theory of the term structure of interest rates},
  author={Cox, John C and Ingersoll Jr, Jonathan E and Ross, Stephen A},
  booktitle={Theory of valuation},
  pages={129--164},
  year={2005},
  publisher={World Scientific}
}
@article{hull1987pricing,
  title={The pricing of options on assets with stochastic volatilities},
  author={Hull, John and White, Alan},
  journal={The journal of finance},
  volume={42},
  number={2},
  pages={281--300},
  year={1987},
  publisher={Wiley Online Library}
}
@article{derman1994riding,
  title={Riding on a smile},
  author={Derman, Emanuel and Kani, Iraj},
  journal={Risk},
  volume={7},
  number={2},
  pages={32--39},
  year={1994}
}
@article{dupire1994pricing,
  title={Pricing with a smile},
  author={Dupire, Bruno and others},
  journal={Risk},
  volume={7},
  number={1},
  pages={18--20},
  year={1994}
}
@inbook{shiryaev2004,
 title = {Основы стохастической финансовой математики. Том 1. Факты. Модели. 2-е изд., испр.},
 author = {Ширяев, Альберт Николаевич},
 year = {2004},
 publisher = {Фазис},
}